@book{mena2003investigative,
  title={Investigative Data Mining for Security and Criminal Detection},
  author={Mena, J.},
  isbn={9780080509389},
  lccn={2002043619},
  url={https://books.google.com.co/books?id=3mDlrtJuZv4C},
  year={2003},
  publisher={Elsevier Science}
}